@Book{1,
  author = {Serway, Raymond},
  title = {Física para ciencias e ingeniería, Volumen 2},
  publisher = {Cengage Learning},
  year = {2008},
  isbn = {978-9706868220}
}

@Book{2,
  author = {Serway, Raymond},
  title = {Física para ciencias e ingeniería, Volumen 1},
  publisher = {Cengage Learning},
  year = {2015},
  isbn = {978-6075191980}
}
